@book{rasmussen2006gaussian,
  title={Gaussian processes for machine learning},
  author={Rasmussen, Carl Edward and Williams, Christopher KI},
  volume={1},
  year={2006},
  publisher={Springer}
}

@inproceedings{duan2020ngboost,
  title={Ngboost: Natural gradient boosting for probabilistic prediction},
  author={Duan, Tony and Anand, Avati and Ding, Daisy Yi and Thai, Khanh K and Basu, Sanjay and Ng, Andrew and Schuler, Alejandro},
  booktitle={International conference on machine learning},
  pages={2690--2700},
  year={2020},
  organization={PMLR}
}

@article{radhakrishnan2022feature,
  title={Feature learning in neural networks and kernel machines that recursively learn features},
  author={Radhakrishnan, Adityanarayanan and Beaglehole, Daniel and Pandit, Parthe and Belkin, Mikhail},
  journal={arXiv preprint arXiv:2212.13881},
  year={2022}
}

@article{mackay1998introduction,
  title={Introduction to Gaussian processes},
  author={MacKay, David JC and others},
  journal={NATO ASI series F computer and systems sciences},
  volume={168},
  pages={133--166},
  year={1998},
  publisher={Citeseer}
}

@inproceedings{wilson2016deep,
  title={Deep kernel learning},
  author={Wilson, Andrew Gordon and Hu, Zhiting and Salakhutdinov, Ruslan and Xing, Eric P},
  booktitle={Artificial intelligence and statistics},
  pages={370--378},
  year={2016},
  organization={PMLR}
}

@inproceedings{calandra2016manifold,
  title={Manifold Gaussian processes for regression},
  author={Calandra, Roberto and Peters, Jan and Rasmussen, Carl Edward and Deisenroth, Marc Peter},
  booktitle={2016 International joint conference on neural networks (IJCNN)},
  pages={3338--3345},
  year={2016},
  organization={IEEE}
}

@article{mackay1992bayesian,
  title={Bayesian interpolation},
  author={MacKay, David JC},
  journal={Neural computation},
  volume={4},
  number={3},
  pages={415--447},
  year={1992},
  publisher={MIT Press One Rogers Street, Cambridge, MA 02142-1209, USA journals-info~â€¦}
}

@misc{neal1996bayesian,
  title={Bayesian Learning for Neural Networks},
  author={Neal, Radford M},
  year={1996},
  publisher={Springer-Verlag}
}

@inproceedings{huang2015scalable,
  title={Scalable Gaussian process regression using deep neural networks},
  author={Huang, Wenbing and Zhao, Deli and Sun, Fuchun and Liu, Huaping and Chang, Edward},
  booktitle={Twenty-fourth international joint conference on artificial intelligence},
  year={2015},
  organization={Citeseer}
}

@inproceedings{chen2016xgboost,
  title={Xgboost: A scalable tree boosting system},
  author={Chen, Tianqi and Guestrin, Carlos},
  booktitle={Proceedings of the 22nd acm sigkdd international conference on knowledge discovery and data mining},
  pages={785--794},
  year={2016}
}

@article{ke2017lightgbm,
  title={Lightgbm: A highly efficient gradient boosting decision tree},
  author={Ke, Guolin and Meng, Qi and Finley, Thomas and Wang, Taifeng and Chen, Wei and Ma, Weidong and Ye, Qiwei and Liu, Tie-Yan},
  journal={Advances in neural information processing systems},
  volume={30},
  year={2017}
}

@article{prokhorenkova2018catboost,
  title={CatBoost: unbiased boosting with categorical features},
  author={Prokhorenkova, Liudmila and Gusev, Gleb and Vorobev, Aleksandr and Dorogush, Anna Veronika and Gulin, Andrey},
  journal={Advances in neural information processing systems},
  volume={31},
  year={2018}
}

@inproceedings{freund1995desicion,
  title={A desicion-theoretic generalization of on-line learning and an application to boosting},
  author={Freund, Yoav and Schapire, Robert E},
  booktitle={European conference on computational learning theory},
  pages={23--37},
  year={1995},
  organization={Springer}
}

@article{grinsztajn2022tree,
  title={Why do tree-based models still outperform deep learning on typical tabular data?},
  author={Grinsztajn, L{\'e}o and Oyallon, Edouard and Varoquaux, Ga{\"e}l},
  journal={Advances in Neural Information Processing Systems},
  volume={35},
  pages={507--520},
  year={2022}
}

@article{mcelfresh2023neural,
  title={When Do Neural Nets Outperform Boosted Trees on Tabular Data?},
  author={McElfresh, Duncan and Khandagale, Sujay and Valverde, Jonathan and Ramakrishnan, Ganesh and Goldblum, Micah and White, Colin and others},
  journal={arXiv preprint arXiv:2305.02997},
  year={2023}
}

@inproceedings{malinin2021uncertainty,
    title={Uncertainty in Gradient Boosting via Ensembles},
    author={Andrey Malinin and Liudmila Prokhorenkova and Aleksei Ustimenko},
    booktitle={International Conference on Learning Representations},
    year={2021},
}

@inproceedings{shaker2020aleatoric,
  title={Aleatoric and epistemic uncertainty with random forests},
  author={Shaker, Mohammad Hossein and H{\"u}llermeier, Eyke},
  booktitle={Advances in Intelligent Data Analysis XVIII: 18th International Symposium on Intelligent Data Analysis, IDA 2020, Konstanz, Germany, April 27--29, 2020, Proceedings 18},
  pages={444--456},
  year={2020},
  organization={Springer}
}

@article{schlosser2019distributional,
    author = {Lisa Schlosser and Torsten Hothorn and Reto Stauffer and Achim Zeileis},
    title = {{Distributional regression forests for probabilistic precipitation forecasting in complex terrain}},
    volume = {13},
    journal = {The Annals of Applied Statistics},
    number = {3},
    publisher = {Institute of Mathematical Statistics},
    pages = {1564 -- 1589},
    keywords = {GAMLSS, Parametric models, probabilistic forecasting, random forests, recursive partitioning, regression trees},
    year = {2019},
}

@article{friedman2001greedy,
  title={Greedy function approximation: a gradient boosting machine},
  author={Friedman, Jerome H},
  journal={Annals of statistics},
  pages={1189--1232},
  year={2001},
  publisher={JSTOR}
}

@article{shwartz2022tabular,
  title={Tabular data: Deep learning is not all you need},
  author={Shwartz-Ziv, Ravid and Armon, Amitai},
  journal={Information Fusion},
  volume={81},
  pages={84--90},
  year={2022},
  publisher={Elsevier}
}

@article{liu2020simple,
  title={Simple and principled uncertainty estimation with deterministic deep learning via distance awareness},
  author={Liu, Jeremiah and Lin, Zi and Padhy, Shreyas and Tran, Dustin and Bedrax Weiss, Tania and Lakshminarayanan, Balaji},
  journal={Advances in Neural Information Processing Systems},
  volume={33},
  pages={7498--7512},
  year={2020}
}

@article{lakshminarayanan2017simple,
  title={Simple and scalable predictive uncertainty estimation using deep ensembles},
  author={Lakshminarayanan, Balaji and Pritzel, Alexander and Blundell, Charles},
  journal={Advances in neural information processing systems},
  volume={30},
  year={2017}
}

@inproceedings{blundell2015weight,
  title={Weight uncertainty in neural network},
  author={Blundell, Charles and Cornebise, Julien and Kavukcuoglu, Koray and Wierstra, Daan},
  booktitle={International conference on machine learning},
  pages={1613--1622},
  year={2015},
  organization={PMLR}
}

@inproceedings{welling2011bayesian,
  title={Bayesian learning via stochastic gradient Langevin dynamics},
  author={Welling, Max and Teh, Yee W},
  booktitle={Proceedings of the 28th international conference on machine learning (ICML-11)},
  pages={681--688},
  year={2011},
  organization={Citeseer}
}

@inproceedings{gal2016dropout,
  title={Dropout as a bayesian approximation: Representing model uncertainty in deep learning},
  author={Gal, Yarin and Ghahramani, Zoubin},
  booktitle={international conference on machine learning},
  pages={1050--1059},
  year={2016},
  organization={PMLR}
}

@article{graves2011practical,
  title={Practical variational inference for neural networks},
  author={Graves, Alex},
  journal={Advances in neural information processing systems},
  volume={24},
  year={2011}
}

@inproceedings{gustafsson2020evaluating,
  title={Evaluating scalable bayesian deep learning methods for robust computer vision},
  author={Gustafsson, Fredrik K and Danelljan, Martin and Schon, Thomas B},
  booktitle={Proceedings of the IEEE/CVF conference on computer vision and pattern recognition workshops},
  pages={318--319},
  year={2020}
}

@article{ovadia2019can,
  title={Can you trust your model's uncertainty? evaluating predictive uncertainty under dataset shift},
  author={Ovadia, Yaniv and Fertig, Emily and Ren, Jie and Nado, Zachary and Sculley, David and Nowozin, Sebastian and Dillon, Joshua and Lakshminarayanan, Balaji and Snoek, Jasper},
  journal={Advances in neural information processing systems},
  volume={32},
  year={2019}
}

@book{scholkopf2002learning,
  title={Learning with kernels: support vector machines, regularization, optimization, and beyond},
  author={Sch{\"o}lkopf, Bernhard and Smola, Alexander J},
  year={2002},
  publisher={MIT press}
}

@article{aronszajn1950theory,
  title={Theory of reproducing kernels},
  author={Aronszajn, Nachman},
  journal={Transactions of the American mathematical society},
  volume={68},
  number={3},
  pages={337--404},
  year={1950}
}

@article{kimeldorf1970correspondence,
  title={A correspondence between Bayesian estimation on stochastic processes and smoothing by splines},
  author={Kimeldorf, George S and Wahba, Grace},
  journal={The Annals of Mathematical Statistics},
  volume={41},
  number={2},
  pages={495--502},
  year={1970},
  publisher={JSTOR}
}

@article{paszke2019pytorch,
  title={Pytorch: An imperative style, high-performance deep learning library},
  author={Paszke, Adam and Gross, Sam and Massa, Francisco and Lerer, Adam and Bradbury, James and Chanan, Gregory and Killeen, Trevor and Lin, Zeming and Gimelshein, Natalia and Antiga, Luca and others},
  journal={Advances in neural information processing systems},
  volume={32},
  year={2019}
}

@article{gardner2018gpytorch,
  title={Gpytorch: Blackbox matrix-matrix gaussian process inference with gpu acceleration},
  author={Gardner, Jacob and Pleiss, Geoff and Weinberger, Kilian Q and Bindel, David and Wilson, Andrew G},
  journal={Advances in neural information processing systems},
  volume={31},
  year={2018}
}

@article{kingma2014adam,
  title={Adam: A method for stochastic optimization},
  author={Kingma, Diederik P and Ba, Jimmy},
  journal={arXiv preprint arXiv:1412.6980},
  year={2014}
}

@article{loshchilov2016sgdr,
  title={Sgdr: Stochastic gradient descent with warm restarts},
  author={Loshchilov, Ilya and Hutter, Frank},
  journal={arXiv preprint arXiv:1608.03983},
  year={2016}
}

@inproceedings{hernandez2015probabilistic,
  title={Probabilistic backpropagation for scalable learning of bayesian neural networks},
  author={Hern{\'a}ndez-Lobato, Jos{\'e} Miguel and Adams, Ryan},
  booktitle={International conference on machine learning},
  pages={1861--1869},
  year={2015},
  organization={PMLR}
}

@misc{asuncion2007uci,
  title={UCI machine learning repository},
  author={Asuncion, Arthur and Newman, David},
  year={2007},
  publisher={Irvine, CA, USA}
}

@article{vanschoren2014openml,
  title={OpenML: networked science in machine learning},
  author={Vanschoren, Joaquin and Van Rijn, Jan N and Bischl, Bernd and Torgo, Luis},
  journal={ACM SIGKDD Explorations Newsletter},
  volume={15},
  number={2},
  pages={49--60},
  year={2014},
  publisher={ACM New York, NY, USA}
}